% -----------------------------------------------------------------------
% File: smc2016template.bib
% -----------------------------------------------------------------------
% separate each line item with space, otherwise the reference will not be hyperlinked
% put the keyword "and" between authors to separate them.
@inproceedings{sinclair2009audio,
  title={Audio-Haptic Interaction with the Digital Waveguide Bowed String.},
  author={Sinclair, Stephen and Scavone, Gary P and Wanderley, Marcelo M},
  booktitle={ICMC},
  year={2009}
}
@article{askenfelt1992vibration,
  title={On vibration sensation and finger touch in stringed instrument playing},
  author={Askenfelt, Anders and Jansson, Erik V},
  journal={Music Perception: An Interdisciplinary Journal},
  volume={9},
  number={3},
  pages={311--349},
  year={1992},
  publisher={University of California Press Journals}
}

@article{florens1990modeles,
  title={Mod{\`e}les et simulation en temps r{\'e}el de corde frott{\'e}e},
  author={Florens, J-L and Cadoz, Claude},
  journal={Le Journal de Physique Colloques},
  volume={51},
  number={C2},
  pages={C2--873},
  year={1990},
  publisher={EDP Sciences}
}

@inproceedings{luciani2005action,
  title={From action to sound: a challenging perspective for haptics},
  author={Luciani, Annie and Florens, J-L and Castagn{\'e}, Nicolas},
  booktitle={First Joint Eurohaptics Conference and Symposium on Haptic Interfaces for Virtual Environment and Teleoperator Systems. World Haptics Conference},
  pages={592--595},
  year={2005},
  organization={IEEE}
}

@inproceedings{nichols2002vbow,
  title={The vBow: development of a virtual violin bow haptic human-computer interface},
  author={Nichols, Charles},
  booktitle={Proceedings of the 2002 conference on New interfaces for musical expression},
  pages={1--4},
  year={2002}
}
@article{o2001playing,
  title={Playing by feel: incorporating haptic feedback into computer-based musical instruments},
  author={O'Modhrain, Maura Sile},
  year={2001},
  publisher={Stanford University}
}

@article{danieau2012enhancing,
  title={Enhancing audiovisual experience with haptic feedback: a survey on HAV},
  author={Danieau, Fabien and L{\'e}cuyer, Anatole and Guillotel, Philippe and Fleureau, Julien and Mollet, Nicolas and Christie, Marc},
  journal={IEEE transactions on haptics},
  volume={6},
  number={2},
  pages={193--205},
  year={2012},
  publisher={IEEE}
}

@inproceedings{Someone:00 ,
  author = {A. Someone and B. Someone and C. Someone},
  title = {The title of the conf. paper},
  booktitle = {Proc. Int. Conf. Sound and Music Computing},
  pages={213--218},
  address={Porto},
  year = {2009}
}


@inproceedings{Someone:09 ,
  author = {A. Someone and B. Someone and C. Someone},
  title = {The title of the journal paper},
  booktitle = {J. New Music Research},
  pages = {111--222},
  year = {2008}
}

@book{Someone:04 ,
  author = {X. Someone and Y. Someone},
  title = {The Title of the Book},
  publisher = { Springer-Verlag },
  year = {2010}
}

@article{Luciani2009,
author = {Luciani, Annie and Florens, Jean-Loup and Couroussé, Damien and Castet, Julien},
year = {2009},
month = {09},
pages = {309-323},
title = {Ergotic Sounds: A New Way to Improve Playability, Believability and Presence of Virtual Musical Instruments},
volume = {38},
journal = {Journal of New Music Research},
doi = {10.1080/09298210903359187}
}

@article{Stowell2009,
author = {Stowell, Dan and Robertson, Andrew and Bryan-Kinns, Nick and Plumbley, Mark},
year = {2009},
month = {11},
pages = {960-975},
title = {Evaluation of live human–computer music-making: Quantitative and qualitative approaches},
volume = {67},
journal = {International Journal of Human-Computer Studies},
doi = {10.1016/j.ijhcs.2009.05.007}
}

@book{Someren1994,
author = {Someren, Maarten and Barnard, Yvonne and Sandberg, Jacobijn},
year = {1994},
month = {01},
pages = {},
title = {The Think Aloud Method - A Practical Guide to Modelling CognitiveProcesses}
}

@inproceedings{Young2003,
author = {Young, Diana and Serafin, Stefania},
year = {2003},
month = {01},
pages = {104-108},
title = {Playability Evaluation of a Virtual Bowed String Instrument.}
}

@article{Finstad2010,
author = {Finstad, Kraig},
year = {2010},
month = {09},
pages = {323-327},
title = {The Usability Metric for User Experience},
volume = {22},
journal = {Interacting with Computers},
doi = {10.1016/j.intcom.2010.04.004}
}

@book{encyclopaedia2020,
author = {{The Editors of Encyclopædia Britannica}},
title = {Encyclopædia Britannica},
publisher = {Encyclopædia Britannica, Inc.},
year = {2020}
}

@unpublished{unity,
    author    = "{Unity Technologies}",
    title     = "{Unity Real-Time Development Platform | 3D, 2D VR \& AR Visualizations}",
    note = {Available at \href{https://unity.com/}{https://unity.com/}},
	year = {accessed February 10, 2020}}
}


@article{passalenti2019,
author = {Passalenti, Andrea and Paisa, Razvan and Nilsson, Niels and Andersson, Nikolaj and Fontana, Federico and Nordahl, Rolf and Serafin, Stefania},
year = {2019},
pages = {1116-1117},
title = {No Strings Attached: Force and Vibrotactile Feedback in a Virtual Guitar Simulation},
journal = {{IEEE} Conference on Virtual Reality and 3D User Interfaces ({VR})},
doi = {10.1109/VR.2019.8798168}
}

@article{avanzini2006,
author = {Avanzini, Federico and Crosato, Paolo},
year = {2006},
pages = {24-35},
title = {Haptic-Auditory Rendering and Perception of Contact Stiffness},
volume = {4129},
journal = {Lecture Notes in Computer Science},
doi = {10.1007/11821731_3}
}

@unpublished{phantom,
    author    = "{3D Systems, Inc}",
    title     = "{3D Systems Touch Haptic Device}",
    note = {Available at \href{https://www.3dsystems.com/haptics-devices/touch}{https://www.3dsystems.com/haptics-devices/touch}},
	year = {accessed February 12, 2020}}
}

@article{Willemsen2020,
title = {Real-time Implementation of a Physical Model of the Tromba Marina},
author = {Willemsen, Silvin and Serafin, Stefania and Bilbao, Stefan and Ducceschi, Michele},
journal = {submitted to the 17th Sound and Music Computing (SMC) Conference},
year = {2020}
}

@article{Baldwin2016,
author = {Baldwin, Alex and Hammer, Troels and Peciulis, Edvinas and Williams, Peter and Overholt, Dan and Serafin, Stefania},
journal = {Proceedings of the International Conference on New Interfaces for Musical Expression (NIME)},
title = {Tromba moderna: A digitally augmented medieval instrument},
volume = {16},
pages = {14--19},
year = {2016}
}